<?xml version="1.0" encoding="UTF-8"?><collection xmlns="http://www.loc.gov/MARC21/slim"><record><leader>00416nam--2200145-i-4500</leader><controlfield tag="001">000005410</controlfield><controlfield tag="002">20161230</controlfield><controlfield tag="005">20161230201026</controlfield><controlfield tag="008">060222s1000------------r-----000-0-eng-d</controlfield><datafield ind1=" " ind2=" " tag="100"><subfield code="a">Bellman, Richard</subfield></datafield><datafield ind1=" " ind2=" " tag="245"><subfield code="a">Introduction to matrix analysis</subfield></datafield><datafield ind1=" " ind2=" " tag="260"><subfield code="a">NEW YORK, MCGRAW-HILL BOOK CO, INC., 1960. 328 p</subfield></datafield><datafield ind1=" " ind2=" " tag="490"><subfield code="a">McGraw-Hill Series in Matrix Theory</subfield></datafield><datafield ind1=" " ind2=" " tag="852"><subfield code="a">15994</subfield><subfield code="c">512.831</subfield></datafield><datafield ind1=" " ind2=" " tag="CAT"><subfield code="a">Sys</subfield><subfield code="c">20080522</subfield><subfield code="h">110805</subfield></datafield></record></collection>